@manual{beamer,
   author    = {Till Tantau},
   title     = {The BEAMER class},
   subtitle  = {User Guide for version 3.69},
   url       = {https://github.com/josephwright/beamer},
   date      = {2023-02-20},
}
